2544 4176
602 295 961 443 -m-l

281 488 480 627 Xsploaitatis
500 545 618 616 masa,
643 545 740 613 marn
762 522 963 613 Porbigernt'
977 524 1050 614 lpse
1072 519 1165 592 solra·

297 651 352 703 tae
381 635 517 723 genitivi
545 633 780 699 terminationis
809 653 940 698 oausam
974 626 1092 711 habet,
1125 632 1166 696 in

297 741 443 830 linguam
462 738 604 825 aliquam
624 738 824 805 introductae
843 749 938 817 sunt,
960 734 1167 835 tantumab·
1254 776 1255 781 κ

299 859 350 912 est
372 842 525 921 utvitae„
537 842 702 906 communi
722 841 915 921 debeantur,
936 854 972 906 ut
990 861 1011 905 a
1028 841 1181 926 scripto-⁷

298 951 390 1018 ribus
413 951 569 1039 =inventae
596 959 630 1010 et
656 958 827 1031 usurpatae
853 949 937 1026 sint,
965 942 1094 1033 quibis
1115 948 1165 1011 si..

299 1054 493 1142 milibusque
513 1052 665 1121 remediis
679 1052 923 1137 perspicuitati,
943 1053 980 1115 in
992 1052 1061 1115 vita
1077 1071 1166 1116 eom·
1253 1060 1255 1097 Ὗ

298 1161 392 1228 mani
417 1152 492 1245 ipsa
514 1159 591 1221 viva
616 1176 696 1225 voce
723 1155 874 1233 elleetae,
906 1151 1073 1220 eonsulere
1095 1169 1166 1221 stu*

298 1266 439 1331 dnmint.
452 1298 495 1310 -
514 1261 551 1341 Si
565 1262 791 1326 verodnarum
802 1261 892 1327 vonis
903 1262 1166 1329 terminationem
1201 1250 1205 1255 ⁴

280 1367 404 1433 oaltera
425 1378 589 1431 eontracta
606 1364 643 1430 'et
663 1365 793 1431 brevior
810 1367 883 1450 jam
902 1377 979 1430 ante
998 1363 1178 1447 literarum,

243 1520 247 1528 .
301 1493 398 1543 nsum
419 1473 453 1536 in
476 1492 532 1535 ore
553 1468 667 1556 populi
687 1472 733 1534 ita
753 1467 910 1550 obtinuit,
939 1483 977 1535 ut
1003 1468 1110 1535 soluta
1131 1484 1167 1538 at

301 1576 431 1662 longior
465 1576 648 1640 terminatio
686 1595 733 1638 ex
763 1595 826 1639 asu
863 1577 949 1639 vitae
984 1578 1167 1642 eommunis
1204 1598 1210 1604 ·

240 1674 244 1680 ’
301 1678 399 1767 plane
422 1691 644 1755 evanesceret,
666 1700 732 1743 nnn
752 1680 858 1763 potuit
877 1677 969 1758 fieri,
993 1682 1070 1765 quin
1087 1680 1168 1746 sori-

301 1799 412 1870 ptores
439 1790 635 1847 coenantem
662 1779 752 1845 illam
779 1783 1057 1865 terminationem,
1085 1796 1168 1871 qnae

301 1887 376 1954 sola
395 1891 430 1953 in
452 1909 514 1952 usu
534 1898 638 1966 esset,
658 1887 757 1951 etiam
776 1888 813 1953 in
834 1889 963 1973 seriptis
981 1884 1166 1970 retinerent,

303 1994 407 2059 donee
429 1982 630 2057 aeonratiore
654 1987 786 2077 linguae
812 1993 938 2073 studio,
967 1995 1053 2081 quod
1080 1994 1168 2082 apud
1253 2016 1255 2071 ι

303 2117 562 2184 unumquemque
595 2093 749 2185 populum
781 2097 1013 2180 posterioribus
1045 2111 1169 2169 tantm

305 2201 503 2287 temporibus
526 2198 739 2289 oriiinotum
759 2210 827 2280 est,
850 2221 923 2264 oum
945 2198 1045 2265 multa
1067 2216 1100 2264 et
1113 2224 1169 2280 va·

305 2308 357 2372 ria
376 2303 543 2370 literarum
563 2315 774 2368 monumenta
791 2305 861 2386 jam
888 2314 1036 2385 exstant,
1066 2300 1169 2373 altera

305 2408 436 2494 longior
458 2411 547 2474 vonis
568 2408 690 2487 forma,
718 2409 843 2472 ratione
864 2405 954 2493 plns,
976 2430 1073 2494 quam
1094 2392 1187 2478 oon·x

303 2513 478 2603 suetudine
499 2513 652 2599 probata,
676 2515 943 2578 introduceretur.
985 2513 1172 2582 Eealtinre

309 2622 397 2707 enim
417 2620 579 2699 oratione,
609 2639 692 2705 quae
721 2639 788 2683 noa
809 2619 916 2683 minna
935 2619 972 2681 in
992 2616 1045 2682 his
1066 2621 1171 2682 minn-

205 2715 219 2727 “
309 2728 383 2803 tiis,
399 2744 501 2817 quam
512 2727 547 2789 in
562 2724 738 2789 verborum
752 2720 889 2801 delectu,
911 2724 1066 2787 orationis
1085 2742 1170 2787 oons-

308 2832 470 2917 positione
484 2841 517 2893 et
530 2827 638 2894 oolnre
652 2827 859 2906 observatur,
880 2825 981 2891 multa
1000 2843 1171 2921 progressa
1253 2898 1254 2901 ,

305 2937 463 3021 ¹temporis
483 2936 518 2999 in
540 2931 706 3018 vulgarem
726 2932 879 3019 loquendi
899 2933 1057 2997 rationem
1071 2945 1172 2999 nane

308 3042 360 3105 ire
379 3036 494 3103 solent.
522 3076 566 3091 -
592 3034 668 3102 Non
694 3053 774 3122 opus
801 3057 874 3102 esse
891 3037 1023 3101 videtur
1044 3035 1169 3125 singula

169 3226 172 3237 y
286 3192 289 3197 «
312 3142 449 3235 singulis
470 3142 607 3229 probare
626 3139 791 3227 exemplis.
839 3142 916 3229 lpse
937 3145 1025 3208 enim
1046 3143 1096 3205 rei
1116 3162 1169 3206 na·

237 3304 241 3315 ,
312 3263 386 3314 tura
407 3269 580 3333 omnesque
603 3251 696 3321 vivae
717 3245 849 3336 linguae
862 3250 1031 3317 veritatem
1044 3259 1170 3317 nasum

313 3358 493 3421 sententiae
524 3367 690 3419 testantur.

287 3514 292 3527 .
381 3456 527 3524 Transeo
555 3460 600 3527 ad
628 3457 739 3524 Jahnii
767 3459 960 3525 sententiam
988 3457 1171 3523 exarman-

316 3561 401 3657 dana
453 3561 721 3635 Commemoratis
744 3565 788 3633 iis
813 3562 913 3650 loeis,
942 3567 979 3632 ia
997 3559 1113 3652 qnibtu
1132 3560 1172 3631 de

1244 3716 1249 3733 ι

1182 3828 1194 3841 s
1252 3846 1253 3855 l
